<record><leader>00000cas a22000007a 4500</leader><controlfield tag="001">10887597</controlfield><controlfield tag="008">840626d18391855nyuwr ne      0    0eng d</controlfield><datafield ind1=" " ind2=" " tag="010"><subfield code="a">sn 84031169 </subfield></datafield><datafield ind1=" " ind2=" " tag="040"><subfield code="a">NYG</subfield><subfield code="b">eng</subfield><subfield code="c">NYG</subfield><subfield code="d">NPX</subfield><subfield code="d">NPU</subfield><subfield code="d">NYS</subfield><subfield code="d">OCL</subfield><subfield code="d">OCLCQ</subfield><subfield code="d">OCLCF</subfield><subfield code="d">OCLCO</subfield></datafield><datafield ind1=" " ind2=" " tag="042"><subfield code="a">msc</subfield></datafield><datafield ind1=" " ind2=" " tag="043"><subfield code="a">n-us-ny</subfield></datafield><datafield ind1="0" ind2=" " tag="130"><subfield code="a">Clinton County Whig (Plattsburgh, N.Y.)</subfield></datafield><datafield ind1="1" ind2="0" tag="245"><subfield code="a">Clinton County Whig.</subfield></datafield><datafield ind1="1" ind2="3" tag="246"><subfield code="a">Clinton Co. Whig</subfield></datafield><datafield ind1="1" ind2="3" tag="246"><subfield code="a">Whig extra</subfield></datafield><datafield ind1=" " ind2=" " tag="260"><subfield code="a">Plattsburgh [N.Y.] :</subfield><subfield code="b">Edward Eastman</subfield></datafield><datafield ind1=" " ind2=" " tag="300"><subfield code="a">v. :</subfield><subfield code="b">ill. (chiefly advertisements) ;</subfield><subfield code="c">57 cm.</subfield></datafield><datafield ind1=" " ind2=" " tag="310"><subfield code="a">Weekly</subfield></datafield><datafield ind1="1" ind2=" " tag="362"><subfield code="a">Began with Dec. 19, 1839 issue.</subfield><subfield code="z">Cf. Gregory, W. Amer. newspapers.</subfield></datafield><datafield ind1="1" ind2=" " tag="362"><subfield code="a">Ceased in Oct. 1855.</subfield><subfield code="z">Cf. French, J.H. Gazetteer of the state of N.Y., 1860.</subfield></datafield><datafield ind1=" " ind2=" " tag="525"><subfield code="a">Extra issued Dec. 11, 1843, entitled: Whig extra.</subfield></datafield><datafield ind1=" " ind2=" " tag="530"><subfield code="a">Available on microfilm from the New York State Library.</subfield></datafield><datafield ind1=" " ind2=" " tag="588"><subfield code="a">Description based on: Vol. 1, no. 47 (Oct. 3, 1840).</subfield></datafield><datafield ind1=" " ind2="0" tag="651"><subfield code="a">Plattsburgh (N.Y.)</subfield><subfield code="v">Newspapers.</subfield></datafield><datafield ind1=" " ind2="0" tag="651"><subfield code="a">Clinton County (N.Y.)</subfield><subfield code="v">Newspapers.</subfield></datafield><datafield ind1=" " ind2="7" tag="655"><subfield code="a">Newspapers.</subfield><subfield code="2">fast</subfield><subfield code="0">(OCoLC)fst01423814</subfield></datafield><datafield ind1=" " ind2="7" tag="651"><subfield code="a">New York (State)</subfield><subfield code="z">Clinton County.</subfield><subfield code="2">fast</subfield><subfield code="0">(OCoLC)fst01212830</subfield></datafield><datafield ind1=" " ind2="7" tag="651"><subfield code="a">New York (State)</subfield><subfield code="z">Plattsburgh.</subfield><subfield code="2">fast</subfield><subfield code="0">(OCoLC)fst01212838</subfield></datafield><datafield ind1=" " ind2=" " tag="752"><subfield code="a">United States</subfield><subfield code="b">New York</subfield><subfield code="c">Clinton</subfield><subfield code="d">Plattsburgh.</subfield></datafield><datafield ind1="0" ind2="0" tag="780"><subfield code="t">Plattsburgh Whig</subfield><subfield code="w">(DLC)sn 84031307</subfield></datafield><datafield ind1="0" ind2="0" tag="785"><subfield code="t">Plattsburgh express</subfield><subfield code="w">(DLC)sn 84031193</subfield></datafield></record>